<?xml version="1.0" encoding="UTF-8"?><collection xmlns="http://www.loc.gov/MARC21/slim"><record><leader>00586nam--2200205-u-4500</leader><controlfield tag="001">000056674</controlfield><controlfield tag="002">20161230</controlfield><controlfield tag="005">20161230201052</controlfield><controlfield tag="008">160411s1000------------r-----000-0-rus-d</controlfield><datafield ind1=" " ind2=" " tag="040"><subfield code="a">IFIN-HH</subfield></datafield><datafield ind1=" " ind2=" " tag="041"><subfield code="a">rus</subfield></datafield><datafield ind1=" " ind2=" " tag="080"><subfield code="a">530.1</subfield></datafield><datafield ind1="1" ind2=" " tag="100"><subfield code="a">Morse, Philip M</subfield></datafield><datafield ind1="1" ind2="0" tag="245"><subfield code="a">Metodi teoreticeskoi fiziki Tom II</subfield><subfield code="c">Philip M. Morse, Herman Feshbach</subfield></datafield><datafield ind1=" " ind2=" " tag="260"><subfield code="a">Moskva</subfield><subfield code="b">Inostrannoi Literaturi</subfield><subfield code="c">1960</subfield></datafield><datafield ind1=" " ind2=" " tag="300"><subfield code="a">886p</subfield></datafield><datafield ind1=" " ind2=" " tag="500"><subfield code="a">Titlul original in limba engleza: Methods of Theoretical Physics</subfield></datafield><datafield ind1="1" ind2=" " tag="700"><subfield code="a">Feshbach, Herman</subfield></datafield><datafield ind1=" " ind2=" " tag="852"><subfield code="a">5653</subfield><subfield code="c">530.1</subfield></datafield><datafield ind1=" " ind2=" " tag="CAT"><subfield code="a">Sys</subfield><subfield code="c">20160411</subfield><subfield code="h">101908</subfield></datafield></record></collection>